@article{benczur2015randomized,
  title={Randomized approximation schemes for cuts and flows in capacitated graphs},
  author={Bencz{\'u}r, Andr{\'a}s A and Karger, David R},
  journal={SIAM Journal on Computing},
  volume={44},
  number={2},
  pages={290--319},
  year={2015},
  publisher={SIAM}
}

@article{benczur207078randomized,
  title={Randomized approximation schemes for cuts and flows in capacitated graphs, 2002},
  author={Bencz{\'u}r, Andr{\'a}s A and Karger, David R},
  journal={arXiv preprint cs/0207078}
}

@article{karger1999random,
  title={Random sampling in cut, flow, and network design problems},
  author={Karger, David R},
  journal={Mathematics of Operations Research},
  volume={24},
  number={2},
  pages={383--413},
  year={1999},
  publisher={INFORMS}
}

@article{nagamochi1992linear,
  title={Linear time algorithms for finding k-edge connected and k-node connected spanning subgraphs},
  author={Nagamochi, Hiroshi and Ibaraki, Toshihide},
  journal={Algorithmica},
  volume={7},
  pages={583--596},
  year={1992}
}